<?xml version="1.0" encoding="UTF-8"?>
<Document xmlns="urn:iso:std:iso:20022:tech:xsd:pain.008.001.08" xmlns:xsi="http://www.w3.org/2001/XMLSchema-instance" xsi:schemaLocation="urn:iso:std:iso:20022:tech:xsd:pain.008.001.08 pain.008.001.08.xsd">
 <CstmrDrctDbtInitn>
  <GrpHdr>
   <MsgId>DDMSG6371</MsgId>
   <CreDtTm>2025-04-14T10:14:20</CreDtTm>
   <NbOfTxs>1</NbOfTxs>
   <CtrlSum>98.75</CtrlSum>
   <InitgPty>
    <Nm>TechnoGmbH Germany-UI</Nm>
   </InitgPty>
  </GrpHdr>
  <PmtInf>
   <PmtInfId>6bb35d642e15419fa9d9a95d76e051ea</PmtInfId>
   <PmtMtd>DD</PmtMtd>
   <BtchBookg>false</BtchBookg>
   <NbOfTxs>1</NbOfTxs>
   <CtrlSum>98.75</CtrlSum>
   <PmtTpInf>
    <SvcLvl>
     <Cd>SEPA</Cd>
    </SvcLvl>
    <LclInstrm>
     <Cd>CORE</Cd>
    </LclInstrm>
    <SeqTp>RCUR</SeqTp>
   </PmtTpInf>
   <ReqdColltnDt>2025-04-14</ReqdColltnDt>
   <Cdtr>
    <Nm>TechnoGmbH Germany-UI</Nm>
    <PstlAdr>
     <Dept>Test Cdepartment</Dept>
     <SubDept>Test Csubdepartment</SubDept>
     <StrtNm>Test Street Name</StrtNm>
     <BldgNb>B-10</BldgNb>
     <BldgNm>Test Builder</BldgNm>
     <Flr>5</Flr>
     <PstBx>400705</PstBx>
     <Room>301</Room>
     <PstCd>500006</PstCd>
     <TwnNm>TestTown</TwnNm>
     <TwnLctnNm>TestLname</TwnLctnNm>
     <DstrctNm>Test Dname</DstrctNm>
     <CtrySubDvsn>Test CSD</CtrySubDvsn>
     <Ctry>DE</Ctry>
    </PstlAdr>
   </Cdtr>
   <CdtrAcct>
    <Id>
     <IBAN>DE63501350784598944188</IBAN>
    </Id>
    <Ccy>EUR</Ccy>
   </CdtrAcct>
   <CdtrAgt>
    <FinInstnId>
     <BICFI>TECHDE01001</BICFI>
    </FinInstnId>
   </CdtrAgt>
   <ChrgBr>SLEV</ChrgBr>
   <CdtrSchmeId>
    <Id>
     <PrvtId>
      <Othr>
       <Id>AA00ZZZ000</Id>
       <SchmeNm>
        <Prtry>SEPA</Prtry>
       </SchmeNm>
      </Othr>
     </PrvtId>
    </Id>
   </CdtrSchmeId>
   <DrctDbtTxInf>
    <PmtId>
     <InstrId>6639f9f14b0243df8e511565b7c207e6</InstrId>
     <EndToEndId>fd343fb1ed964c669ed72a568110ef29</EndToEndId>
    </PmtId>
    <InstdAmt Ccy="EUR">98.75</InstdAmt>
    <DrctDbtTx>
     <MndtRltdInf>
      <MndtId>29795928</MndtId>
      <DtOfSgntr>2025-04-14</DtOfSgntr>
     </MndtRltdInf>
    </DrctDbtTx>
    <DbtrAgt>
     <FinInstnId>
      <BICFI>K99CDEPL3HD</BICFI>
     </FinInstnId>
    </DbtrAgt>
    <Dbtr>
     <Nm>Test Partner Automation</Nm>
     <PstlAdr>
      <TwnNm>Test</TwnNm>
      <Ctry>DE</Ctry>
     </PstlAdr>
    </Dbtr>
    <DbtrAcct>
     <Id>
      <IBAN>DE17500105175626227839</IBAN>
     </Id>
    </DbtrAcct>
    <RmtInf>
     <Ustrd>Direct Debit for Invoice 1</Ustrd>
    </RmtInf>
    <Purp>
     <Cd>INVC</Cd>
    </Purp>
   </DrctDbtTxInf>
   <DrctDbtTxInf>
    <PmtId>
     <InstrId>TXN2INSTR</InstrId>
     <EndToEndId>TXN2END2</EndToEndId>
    </PmtId>
    <InstdAmt Ccy="EUR">150.00</InstdAmt>
    <DrctDbtTx>
     <MndtRltdInf>
      <MndtId>29795929</MndtId>
      <DtOfSgntr>2025-04-15</DtOfSgntr>
     </MndtRltdInf>
    </DrctDbtTx>
    <DbtrAgt>
     <FinInstnId>
      <BICFI>NEWBICFI123</BICFI>
     </FinInstnId>
    </DbtrAgt>
    <Dbtr>
     <Nm>Another Debtor</Nm>
     <PstlAdr>
      <TwnNm>Berlin</TwnNm>
      <Ctry>DE</Ctry>
     </PstlAdr>
    </Dbtr>
    <DbtrAcct>
     <Id>
      <IBAN>DE44500105170000000000</IBAN>
     </Id>
    </DbtrAcct>
    <RmtInf>
     <Ustrd>Direct Debit for Invoice 2</Ustrd>
    </RmtInf>
    <Purp>
     <Cd>SALR</Cd>
    </Purp>
   </DrctDbtTxInf>
  </PmtInf>
 </CstmrDrctDbtInitn>
</Document>